%% This BibTeX bibliography file was created using BibDesk.
%% http://bibdesk.sourceforge.net/


%% Created for Cesar Kawakami at 2011-10-16 03:23:07 -0200 


%% Saved with string encoding Unicode (UTF-8) 



@booklet{ioi-nl1-2007,
	Address = {Cro{\'a}cia},
	Author = {{19\textsuperscript{th} International Olympiad in Informatics}},
	Date-Added = {2011-10-16 05:05:28 +0000},
	Date-Modified = {2011-10-16 05:23:07 +0000},
	Month = {Agosto},
	Title = {Newsletter 1},
	Url = {http://ioinformatics.org/locations/ioi07/newsletters/Newsletter1.pdf},
	Year = {2007}}

@webpage{googlecodejamhistory,
	Author = {Google},
	Date-Added = {2011-10-08 05:55:49 +0000},
	Date-Modified = {2011-10-08 05:56:11 +0000},
	Title = {Code Jam History - Google Code Jam},
	Url = {http://code.google.com/codejam/archive.html},
	Urlaccessdate = {8 out. 2011},
	Bdsk-Url-1 = {http://code.google.com/codejam/archive.html}}

@webpage{googlecodejam,
	Author = {Google},
	Date-Added = {2011-10-08 05:53:54 +0000},
	Date-Modified = {2011-10-08 05:54:27 +0000},
	Title = {Google Code Jam},
	Url = {http://code.google.com/codejam},
	Urlaccessdate = {8 out. 2011},
	Bdsk-Url-1 = {http://code.google.com/codejam}}

@webpage{icpcfactsheet,
	Author = {{ACM International Collegiate Programming Contest}},
	Date-Added = {2011-10-07 18:56:18 +0000},
	Date-Modified = {2011-10-07 18:56:59 +0000},
	Title = {ICPC FACT SHEET --- First Edition},
	Url = {http://cm.baylor.edu/ICPCWiki/attach/staticResources/Factsheet.pdf},
	Urlaccessdate = {7 out. 2011},
	Bdsk-Url-1 = {http://cm.baylor.edu/ICPCWiki/attach/staticResources/Factsheet.pdf}}

@article{wang2010selection,
	Author = {WANG, H. and YIN, B. and LIU, R. and TANG, W. and HU, W.},
	Date-Added = {2011-10-07 18:53:09 +0000},
	Date-Modified = {2011-10-07 18:58:38 +0000},
	Journal = {Olympiads in Informatics},
	Keywords = {selection mechanism, contestant assessment, task creation, task innovation},
	Pages = {142-150},
	Title = {Selection Mechanism and Task Creation of Chinese National Olympiad in Informatics},
	Volume = {4},
	Year = {2010}}

@webpage{acmicpc,
	Author = {{ACM International Collegiate Programming Contest}},
	Date-Added = {2011-10-07 16:53:55 +0000},
	Date-Modified = {2011-10-07 17:12:55 +0000},
	Title = {The ACM-ICPC International Collegiate Programming Contest Web Site sponsored by IBM},
	Url = {http://www.acmicpc.org/},
	Urlaccessdate = {7 out. 2011},
	Bdsk-Url-1 = {http://www.acmicpc.org/}}

@webpage{ioinformatics,
	Author = {{International Olympiad in Informatics}},
	Date-Added = {2011-10-07 05:33:45 +0000},
	Date-Modified = {2011-10-07 17:12:22 +0000},
	Read = {1},
	Title = {International Olympiad in Informatics},
	Url = {http://ioinformatics.org/},
	Urlaccessdate = {7 out. 2011},
	Bdsk-Url-1 = {http://ioinformatics.org/}}

@article{forisek2006security,
	Author = {Fori{\v{s}}ek, M.},
	Date-Added = {2011-10-07 05:08:04 +0000},
	Date-Modified = {2011-10-07 05:08:33 +0000},
	Journal = {Informatics in Secondary Schools, Evolution and Perspectives},
	Title = {Security of programming contest systems},
	Year = {2006}}
