%% This BibTeX bibliography file was created using BibDesk.
%% http://bibdesk.sourceforge.net/


%% Created for Cesar Kawakami at 2011-11-20 19:52:08 -0200 


%% Saved with string encoding Unicode (UTF-8) 



@webpage{acmicpc,
	Author = {{ACM International Collegiate Programming Contest}},
	Date-Added = {2011-11-18 05:24:17 +0000},
	Date-Modified = {2011-11-18 05:24:17 +0000},
	Title = {The ACM-ICPC International Collegiate Programming Contest Web Site sponsored by IBM},
	Url = {http://www.acmicpc.org/},
	Urlaccessdate = {7 out. 2011},
	Bdsk-Url-1 = {http://www.acmicpc.org/}}

@article{kattis2011,
	Author = {Emma Enstr{\"o}m and Gunnar Kreitz and Fredrik Niemel{\"a} and Pehr S{\"o}derman and Viggo Kann},
	Date-Added = {2011-11-16 09:34:29 +0000},
	Date-Modified = {2011-11-20 21:37:58 +0000},
	Journal = {ASEE/IEEE Frontiers in Education Conference},
	Number = {41},
	Title = {Five Years with Kattis --- Using an Automated Assessment System in Teaching},
	Year = {2011}}

@article{mooshak2003,
	Author = {Jos{\'e} Paulo Leal and Fernando Silva},
	Date-Added = {2011-11-16 09:00:02 +0000},
	Date-Modified = {2011-11-16 09:01:21 +0000},
	Journal = {Software: Practice and Experience},
	Month = {mai.},
	Number = {6},
	Pages = {567-581},
	Title = {Mooshak: a Web-based multi-site programming contest system},
	Volume = {33},
	Year = {2003}}

@article{boca2004,
	Author = {Cassio P. de Campos and Carlos E. Ferreira},
	Date-Added = {2011-11-16 08:54:20 +0000},
	Date-Modified = {2011-11-16 08:56:42 +0000},
	Journal = {Workshop de Educa{\c c}{\~a}o em Computa{\c c}{\~a}o},
	Title = {BOCA: um sistema de apoio a competi{\c c}{\~o}es de programa{\c c}{\~a}o},
	Year = {2004}}

@webpage{codepadabout,
	Author = {Steven Hazel},
	Date-Added = {2011-11-16 08:09:00 +0000},
	Date-Modified = {2011-11-16 08:09:34 +0000},
	Title = {About codepad},
	Url = {http://codepad.org/about},
	Urlaccessdate = {16 nov. 2011},
	Bdsk-Url-1 = {http://www.acmicpc.org/}}

@webpage{ideoneabout,
	Author = {{Sphere Research Labs}},
	Date-Added = {2011-11-16 08:08:00 +0000},
	Date-Modified = {2011-11-16 08:08:46 +0000},
	Title = {Briefly about ideone},
	Url = {http://ideone.com/about},
	Urlaccessdate = {16 nov. 2011},
	Bdsk-Url-1 = {http://www.acmicpc.org/}}

@article{tochev2010,
	Author = {T. Tochev and T. Bogdanov},
	Date-Added = {2011-10-21 04:14:09 +0000},
	Date-Modified = {2011-10-21 04:19:25 +0000},
	Journal = {Olympiads in Informatics},
	Pages = {113--119},
	Title = {Validating the Security and Stability of the Grader for a Programming Contest System},
	Volume = {4},
	Year = {2010}}

@book{stamp2011,
	Address = {Nova J{\'e}rsei},
	Author = {Mark Stamp},
	Date-Added = {2011-10-21 03:08:00 +0000},
	Date-Modified = {2011-10-21 03:16:43 +0000},
	Edition = {2Âª},
	Publisher = {Wiley-Interscience},
	Title = {Information security: principles and practice},
	Year = {2011}}

@booklet{ioi-nl1-2007,
	Address = {Cro{\'a}cia},
	Author = {{19\textsuperscript{th} International Olympiad in Informatics}},
	Date-Added = {2011-10-16 05:05:28 +0000},
	Date-Modified = {2011-10-16 05:23:07 +0000},
	Month = {Agosto},
	Title = {Newsletter 1},
	Url = {http://ioinformatics.org/locations/ioi07/newsletters/Newsletter1.pdf},
	Year = {2007},
	Bdsk-Url-1 = {http://ioinformatics.org/locations/ioi07/newsletters/Newsletter1.pdf}}

@webpage{googlecodejamhistory,
	Author = {Google},
	Date-Added = {2011-10-08 05:55:49 +0000},
	Date-Modified = {2011-10-08 05:56:11 +0000},
	Title = {Code Jam History - Google Code Jam},
	Url = {http://code.google.com/codejam/archive.html},
	Urlaccessdate = {8 out. 2011},
	Bdsk-Url-1 = {http://code.google.com/codejam/archive.html}}

@webpage{googlecodejam,
	Author = {Google},
	Date-Added = {2011-10-08 05:53:54 +0000},
	Date-Modified = {2011-10-08 05:54:27 +0000},
	Title = {Google Code Jam},
	Url = {http://code.google.com/codejam},
	Urlaccessdate = {8 out. 2011},
	Bdsk-Url-1 = {http://code.google.com/codejam}}

@webpage{icpcfactsheet,
	Author = {{ACM International Collegiate Programming Contest}},
	Date-Added = {2011-10-07 18:56:18 +0000},
	Date-Modified = {2011-10-07 18:56:59 +0000},
	Title = {ICPC FACT SHEET --- First Edition},
	Url = {http://cm.baylor.edu/ICPCWiki/attach/staticResources/Factsheet.pdf},
	Urlaccessdate = {7 out. 2011},
	Bdsk-Url-1 = {http://cm.baylor.edu/ICPCWiki/attach/staticResources/Factsheet.pdf}}

@article{wang2010selection,
	Author = {WANG, H. and YIN, B. and LIU, R. and TANG, W. and HU, W.},
	Date-Added = {2011-10-07 18:53:09 +0000},
	Date-Modified = {2011-10-07 18:58:38 +0000},
	Journal = {Olympiads in Informatics},
	Keywords = {selection mechanism, contestant assessment, task creation, task innovation},
	Pages = {142-150},
	Title = {Selection Mechanism and Task Creation of Chinese National Olympiad in Informatics},
	Volume = {4},
	Year = {2010}}

@webpage{tornado2009,
	Author = {David Recordon},
	Date-Added = {2011-10-07 16:53:55 +0000},
	Date-Modified = {2011-11-18 05:24:46 +0000},
	Title = {Tornado: Facebook's Real-Time Web Framework for Python},
	Url = {https://developers.facebook.com/blog/post/301},
	Urlaccessdate = {18 nov. 2011},
	Bdsk-Url-1 = {http://www.acmicpc.org/}}

@webpage{ioinformatics,
	Author = {{International Olympiad in Informatics}},
	Date-Added = {2011-10-07 05:33:45 +0000},
	Date-Modified = {2011-10-07 17:12:22 +0000},
	Read = {1},
	Title = {International Olympiad in Informatics},
	Url = {http://ioinformatics.org/},
	Urlaccessdate = {7 out. 2011},
	Bdsk-Url-1 = {http://ioinformatics.org/}}

@article{forisek2006security,
	Author = {Fori{\v{s}}ek, M.},
	Date-Added = {2011-10-07 05:08:04 +0000},
	Date-Modified = {2011-10-07 05:08:33 +0000},
	Journal = {Informatics in Secondary Schools, Evolution and Perspectives},
	Title = {Security of programming contest systems},
	Year = {2006}}
